@misc{InternationalCampaigntoBanLandmines2016,
author = {{International Campaign to Ban Landmines}},
booktitle = {ICBL},
title = {{Why Landmines are Still a Problem}},
url = {http://www.icbl.org/en-gb/problem/why-landmines-are-still-a-problem.aspx},
urldate = {2020-11-30},
year = {2016}
}

@misc{InternationalCampaigntoBanLandmines2020,
author = {{International Campaign to Ban Landmines}},
booktitle = {ICBL},
title = {{The Mine Ban Treaty - Status}},
url = {http://www.icbl.org/en-gb/the-treaty/treaty-status.aspx},
urldate = {2020-12-05},
year = {2020}
}

@misc{Hiznay2003,
author = {Hiznay, Mark},
booktitle = {Human Rights Watch},
title = {{Landmines}},
url = {https://www.hrw.org/topic/arms/landmines},
urldate = {2020-12-05},
year = {2003}
}

@article{Chiovelli2018,
author = {Chiovelli, Giorgio and Michalopoulos, Stelios and Papaioannou, Elias},
journal = {NBER Working Paper Series},
keywords = {Civil War,Trade,infrastructure network,landmines,post-conflict recovery},
title = {{Landmines and Spatial Development}},
year = {2018}
}

@book{InternationalCampaigntoBanLandmines2020a,
author = {{International Campaign to Ban Landmines}},
booktitle = {ICBL},
pages = {1--132},
title = {{Landmine Monitor 2020}},
volume = {22},
year = {2020}
}

@article{Jaradat2018,
journal = {Journal of Intelligent and Robotic Systems: Theory and Applications},
keywords = {Autonomous demining robot mechanism,Over-actuated robot},
number = {1-2},
pages = {65--80},
title = {{A Highly-Maneuverable Demining Autonomous Robot: an Over-Actuated Design}},
volume = {90},
year = {2018}
}

@INPROCEEDINGS{Dogru2019,
  author={S. {Dogru} and L. {Marques}},
  booktitle={2019 International Conference on Robotics and Automation (ICRA)}, 
  title={Improved Coverage Path Planning Using a Virtual Sensor Footprint: a Case Study on Demining}, 
  year={2019},
  volume={},
  number={},
  pages={4410-4415},
  }
  
@misc{OpenRobotics2020,
author = {{Open Robotics}},
booktitle = {ROS.org},
title = {{Powering the World's Robots}},
url = {https://www.ros.org/},
urldate = {2020-12-06},
year = {2020}
}

@misc{OpenSourceRoboticsFoundation2020,
author = {{Open Source Robotics Foundation}},
booktitle = {Gazebosim.org},
title = {{Robot Simulation Made Easy}},
url = {http://gazebosim.org/},
urldate = {2020-12-06},
year = {2020}
}

@misc{Robotis2020,
author = {Robotis},
booktitle = {Robotis.us},
title = {{TurtleBot 3 Burger}},
url = {https://www.robotis.us/turtlebot-3-burger-us/},
urldate = {2020-12-09},
year = {2020}
}

@misc{gmapping,
author = {Giorgio Grisetti, Cyrill Stachniss and Wolfram Burgard},
booktitle = {Openslam Org.},
title = {{GMapping}},
url = {https://openslam-org.github.io/gmapping.html},
urldate = {2020-12-13},
year = {2006}
}

@misc{move_base,
author = {ROS},
booktitle = {ROS Wiki},
title = {{move\_base}},
url = {http://wiki.ros.org/move\_base},
urldate = {2020-12-13},
year = {2020}
}

@inproceedings{Casas2006,
author = {Casas, Sergio and Fernandez, Marcos},
booktitle = {Proceedings of the Third International Conference on Informatics in Control, Automation and Robotics},
pages = {461--468},
title = {{Design of a Prototype Robot Vacuum Cleaner - From Virtual Prototyping to Real Development}},
year = {2006}
}

@ARTICLE{Grisetti2010,
author={G. {Grisetti} and R. {KÃ¼mmerle} and C. {Stachniss} and W. {Burgard}},
journal={IEEE Intelligent Transportation Systems Magazine}, 
title={A Tutorial on Graph-Based SLAM}, 
year={2010},
volume={2},
number={4},
pages={31-43},
}

@book{Daems2020,
author = {Daems, Rembert},
pages = {8--9},
publisher = {Ghent University},
title = {{Robotics in Industry}},
year = {2020}
}

@misc{GazeboModels2020,
author = {Open Robotics},
title = {Gazebo Models Database},
url = {https://github.com/osrf/gazebo\_models},
urldate = {2020-12-04},
year = {2020}
}



